<record xmlns='http://www.loc.gov/MARC21/slim'><leader>01568cam a2200409Ma 4500</leader><controlfield tag='001'>a10942354</controlfield><controlfield tag='003'>SIRSI</controlfield><controlfield tag='005'>20170211050002.0</controlfield><controlfield tag='008'>980209s1860    enka          001 0 eng d</controlfield><datafield ind1=' ' ind2=' ' tag='035'><subfield code='a'>(OCoLC)11024610</subfield></datafield><datafield ind1=' ' ind2=' ' tag='035'><subfield code='a'>(CSt-L)L204662</subfield></datafield><datafield ind1=' ' ind2=' ' tag='040'><subfield code='a'>CoU</subfield><subfield code='b'>eng</subfield><subfield code='c'>CoU</subfield><subfield code='d'>CSt-L</subfield></datafield><datafield ind1=' ' ind2=' ' tag='043'><subfield code='a'>f-ua---</subfield></datafield><datafield ind1='1' ind2=' ' tag='100'><subfield code='a'>Lane, Edward William,</subfield><subfield code='d'>1801-1876.</subfield><subfield code=' '>^A28310</subfield></datafield><datafield ind1='1' ind2='3' tag='245'><subfield code='a'>An Account of the manners and customs of the modern Egyptians</subfield><subfield code='h'>[print/digital] :</subfield><subfield code='b'>written in Egypt during the years 1833, -34, and -35, partly from notes made during a former visit to that country in the years 1825, -26, -27, and -28 /</subfield><subfield code='c'>by Edward William Lane ; edited by Edward Stanley Poole.</subfield></datafield><datafield ind1=' ' ind2=' ' tag='250'><subfield code='a'>5th ed., with numerous additions and improvements.</subfield></datafield><datafield ind1=' ' ind2=' ' tag='260'><subfield code='a'>London :</subfield><subfield code='b'>John Murray,</subfield><subfield code='c'>1860.</subfield></datafield><datafield ind1=' ' ind2=' ' tag='300'><subfield code='a'>xiii, 619 pages :</subfield><subfield code='b'>illustrations, music ;</subfield><subfield code='c'>24 cm</subfield></datafield><datafield ind1=' ' ind2=' ' tag='500'><subfield code='a'>Includes index.</subfield></datafield><datafield ind1=' ' ind2='4' tag='648'><subfield code='a'>1825-</subfield><subfield code='x'>1828</subfield></datafield><datafield ind1=' ' ind2='4' tag='648'><subfield code='a'>1833-</subfield><subfield code='x'>1835</subfield></datafield><datafield ind1='1' ind2='2' tag='650'><subfield code='a'>Culture</subfield></datafield><datafield ind1='1' ind2='2' tag='650'><subfield code='a'>Social Conditions</subfield></datafield><datafield ind1=' ' ind2='4' tag='651'><subfield code='a'>Egypt</subfield></datafield><datafield ind1=' ' ind2='0' tag='651'><subfield code='a'>Egypt</subfield><subfield code='x'>Social life and customs</subfield><subfield code=' '>^A1013269</subfield></datafield><datafield ind1=' ' ind2='4' tag='655'><subfield code='a'>Fulltext</subfield></datafield><datafield ind1=' ' ind2='4' tag='655'><subfield code='a'>Historical Works</subfield></datafield><datafield ind1=' ' ind2='4' tag='655'><subfield code='a'>Internet Resources</subfield></datafield><datafield ind1='1' ind2=' ' tag='700'><subfield code='a'>Poole, Edward Stanley.</subfield><subfield code='e'>editor.</subfield><subfield code=' '>UNAUTHORIZED</subfield></datafield><datafield ind1='4' ind2='1' tag='856'><subfield code='u'>http://books.google.com/books?vid=Stanford24503803167&amp;printsec=titlepage</subfield><subfield code='y'>Fulltext</subfield></datafield><datafield ind1=' ' ind2=' ' tag='916'><subfield code='a'>DATE CATALOGED</subfield><subfield code='b'>NEVER</subfield></datafield><datafield ind1=' ' ind2=' ' tag='946'><subfield code='b'>SAL3</subfield><subfield code='h'>DT70</subfield><subfield code='i'>.L26 1860</subfield></datafield><datafield ind1=' ' ind2=' ' tag='946'><subfield code='b'>EDATA</subfield></datafield><datafield ind1='4' ind2='7' tag='947'><subfield code='a'>Books</subfield></datafield><datafield ind1='7' ind2='7' tag='947'><subfield code='a'>Subset, Scanned 2006</subfield></datafield><datafield ind1=' ' ind2=' ' tag='596'><subfield code='a'>29</subfield></datafield><datafield ind1=' ' ind2=' ' tag='999'><subfield code='a'>DT70 .L26 1860</subfield><subfield code='w'>LC</subfield><subfield code='c'>1</subfield><subfield code='i'>LL204662</subfield><subfield code='l'>ASK@LANE</subfield><subfield code='m'>LANE-MED</subfield><subfield code='r'>N</subfield><subfield code='s'>Y</subfield><subfield code='t'>MEDICAL</subfield><subfield code='u'>5/5/2015</subfield></datafield></record>